<?xml version="1.0" encoding="utf-8"?>
<record xmlns="http://www.loc.gov/MARC21/slim" xmlns:xsi="http://www.w3.org/2001/XMLSchema-instance" xsi:schemaLocation="http://www.loc.gov/MARC21/slim http://www.loc.gov/standards/marcxml/schema/MARC21slim.xsd">
	<leader>     nam a22     Mi 4500</leader>
	<controlfield tag="001">2626</controlfield>
	<controlfield tag="003">aeadna</controlfield>
	<controlfield tag="006">m        d        </controlfield>
	<controlfield tag="007">cr cn |||m|||a</controlfield>
	<controlfield tag="008">200224s1865||||iq      o     000 0dara| </controlfield>
	<datafield ind1=" " ind2=" " tag="040">
		<subfield code="a">ZYU</subfield>
		<subfield code="b">ara</subfield>
		<subfield code="c">ZYU</subfield>
	</datafield>
	<datafield ind1="0" ind2=" " tag="041">
		<subfield code="a">ara</subfield>
	</datafield>
	<datafield ind1=" " ind2="4" tag="050">
		<subfield code="a">CS2970</subfield>
		<subfield code="b">.I22 1865a</subfield>
	</datafield>
	<datafield ind1="1" ind2="0" tag="082">
		<subfield code="a">929.456</subfield>
		<subfield code="b">21</subfield>
	</datafield>
	<datafield ind1="1" ind2=" " tag="100">
		<subfield code="6">880-02</subfield>
		<subfield code="a">Ibn al-Qaysarānī, Muḥammad ibn Ṭāhir,</subfield>
		<subfield code="d">1056-1113.</subfield>
	</datafield>
	<datafield ind1="1" ind2="3" tag="245">
		<subfield code="6">880-03</subfield>
		<subfield code="a">al-Ansāb al-muttafiqah</subfield>
		<subfield code="h">[electronic resource] /</subfield>
		<subfield code="c">li-Abī al-Faḍl Muḥammad ibn Ṭāhir al-Maʻrūf bi-Ibn al-Qaysarānī.</subfield>
	</datafield>
	<datafield ind1="1" ind2="5" tag="246">
		<subfield code="6">880-04</subfield>
		<subfield code="a">Homonyma inter nomina relativa, auctore Abu'l-Fadhl Mohammed ibn Táhir al-Makdisi, vulgo dicto Ibno'l-Kaísarání, quae cum appendice Abu Musae Ispahanensis e codd. Leyd. et Berolin, edidit P. de Jong.</subfield>
	</datafield>
	<datafield ind1=" " ind2=" " tag="260">
		<subfield code="6">880-05</subfield>
		<subfield code="a">Liden :</subfield>
		<subfield code="b">Brill,</subfield>
		<subfield code="c">[1865]</subfield>
	</datafield>
	<datafield ind1=" " ind2=" " tag="300">
		<subfield code="6">880-06</subfield>
		<subfield code="a">online resource (19, 299 p.)</subfield>
	</datafield>
	<datafield ind1=" " ind2=" " tag="500">
		<subfield code="a">Non-Latin script record</subfield>
	</datafield>
	<datafield ind1=" " ind2=" " tag="500">
		<subfield code="a">Part of the Arabic Collections Online (ACO) project, contributed by United Arab Emirates National Archives.</subfield>
	</datafield>
	<datafield ind1=" " ind2=" " tag="533">
		<subfield code="a">Electronic reproduction.</subfield>
		<subfield code="b">New York, N.Y. :</subfield>
		<subfield code="c">New York University,</subfield>
		<subfield code="d">2020.</subfield>
		<subfield code="5">NNU</subfield>
	</datafield>
	<datafield ind1=" " ind2="0" tag="650">
		<subfield code="6">880-07</subfield>
		<subfield code="a">Names, Personal</subfield>
		<subfield code="x">Arabic.</subfield>
	</datafield>
	<datafield ind1="1" ind2=" " tag="700">
		<subfield code="6">880-08</subfield>
		<subfield code="a">Jong, P. de</subfield>
		<subfield code="q">(Pieter),</subfield>
		<subfield code="d">1832-1890.</subfield>
	</datafield>
	<datafield ind1="2" ind2=" " tag="710">
		<subfield code="a">Abu Dhabi (United Arab Emirates).</subfield>
		<subfield code="b">National Archives.</subfield>
	</datafield>
	<datafield ind1="0" ind2=" " tag="730">
		<subfield code="a">Arabic Collections Online.</subfield>
	</datafield>
	<datafield ind1="0" ind2="8" tag="776">
		<subfield code="i">Print version:</subfield>
		<subfield code="a">Ibn al-Qaysarānī, Muḥammad ibn Ṭāhir, 1056-1113.</subfield>
		<subfield code="t">al-Ansāb al-muttafiqah</subfield>
		<subfield code="w">(aeadna)2626</subfield>
	</datafield>
	<datafield ind1="4" ind2="0" tag="856">
		<subfield code="u">http://hdl.handle.net/2333.1/9s4mwh6t</subfield>
	</datafield>
	<datafield ind1=" " ind2=" " tag="880">
		<subfield code="6">090-01</subfield>
		<subfield code="a">929.456</subfield>
		<subfield code="b">ق ي أ ن</subfield>
	</datafield>
	<datafield ind1="1" ind2=" " tag="880">
		<subfield code="6">100-02</subfield>
		<subfield code="a">ابن القيسراني، محمد بن طاهر،</subfield>
		<subfield code="d">.1056-1113</subfield>
	</datafield>
	<datafield ind1="1" ind2="2" tag="880">
		<subfield code="6">245-03</subfield>
		<subfield code="a">الأنساب المتفقه /</subfield>
		<subfield code="c">أبي الفضل محمد بن طاهر المعروف بإبن القيسراني؛ تحقيق دي يونج.</subfield>
	</datafield>
	<datafield ind1="1" ind2="3" tag="880">
		<subfield code="6">246-04</subfield>
		<subfield code="a">الأنساب المتفقة في الخط المتماثله في النقط والضبط.</subfield>
	</datafield>
	<datafield ind1=" " ind2=" " tag="880">
		<subfield code="6">260-05</subfield>
		<subfield code="a">ليدن :</subfield>
		<subfield code="b">بريل،</subfield>
		<subfield code="c">[1865].</subfield>
	</datafield>
	<datafield ind1=" " ind2=" " tag="880">
		<subfield code="6">300-06</subfield>
		<subfield code="a">19: 229 ص. ؛</subfield>
		<subfield code="c">25 سم.</subfield>
	</datafield>
	<datafield ind1=" " ind2=" " tag="880">
		<subfield code="6">500-00</subfield>
		<subfield code="a">على ظهر غلاف الكتاب عبارة: يُطلب من مكتبة المثنى ببغداد.</subfield>
	</datafield>
	<datafield ind1=" " ind2="4" tag="880">
		<subfield code="6">650-07</subfield>
		<subfield code="a">أسماء الأشخاص</subfield>
		<subfield code="z">العالم العربي.</subfield>
	</datafield>
	<datafield ind1="1" ind2=" " tag="880">
		<subfield code="6">700-08</subfield>
		<subfield code="a">يونج، بيتر دي،</subfield>
		<subfield code="d">1832-1890.</subfield>
		<subfield code="e">محقّق.</subfield>
	</datafield>
	<datafield ind1=" " ind2=" " tag="959">
		<subfield code="a">NNU</subfield>
		<subfield code="b">WEB</subfield>
		<subfield code="c">GENI</subfield>
		<subfield code="t">0</subfield>
		<subfield code="m">Electronic access</subfield>
		<subfield code="s">01</subfield>
	</datafield>
	<datafield ind1=" " ind2=" " tag="999">
		<subfield code="i">aeadna_2626</subfield>
		<subfield code="s">uaena_aco000005:</subfield>
		<subfield code="e">(ERROR-880)</subfield>
		<subfield code="s">uaena_aco000005:</subfield>
	</datafield>
</record>
